@article{baker2016b,
  title = {1,500 Scientists Lift the Lid on Reproducibility},
  author = {Baker, Monya},
  year = {2016},
  month = may,
  volume = {533},
  pages = {452--454},
  issn = {0028-0836, 1476-4687},
  doi = {10.1038/533452a},
  journal = {Nature},
  language = {en},
  number = {7604}
}

@article{barba2016,
  title = {The Hard Road to Reproducibility},
  author = {Barba, L. A.},
  year = {2016},
  month = oct,
  volume = {354},
  pages = {142--142},
  issn = {0036-8075, 1095-9203},
  doi = {10.1126/science.354.6308.142},
  language = {en},
  number = {6308}
}

@article{barba2019,
  title = {Praxis of {{Reproducible Computational Science}}},
  author = {Barba, L. A.},
  year = {2019},
  month = jan,
  volume = {21},
  pages = {73--78},
  issn = {1521-9615},
  doi = {10.1109/MCSE.2018.2881905},
  journal = {Computing in Science Engineering},
  number = {1}
}

@misc{barborini2018,
	title = {{The creation of a new type of scientific deposit: Software}},
	author = {Barborini, Yannick and Di Cosmo, Roberto and Dumont, Antoine R. and Gruenpeter, Morane and Marmol, Bruno P and Monteil, Alain and Sadowska, Jozefina and Zacchiroli, Stefano},
	url = {https://hal.inria.fr/hal-01738741},
	note = {Poster},
	howpublished = {{RDA Eleventh Plenary Meeting, Berlin, Germany}},
	year = {2018},
	month = Mar,
	pdf = {https://hal.inria.fr/hal-01738741/file/2018-03-21-RDA-Poster.pdf},
	hal_id = {hal-01738741},
	hal_version = {v1},
}

@article{cadwallader2021,
  title = {Collaborating with Our Community to Increase Code Sharing},
  author = {Cadwallader, Lauren and Papin, Jason A. and Mac Gabhann, Feilim and Kirk, Rebecca},
  year = {2021},
  month = mar,
  volume = {17},
  pages = {e1008867},
  issn = {1553-7358},
  doi = {10.1371/journal.pcbi.1008867},
  journal = {PLOS Computational Biology},
  language = {en},
  number = {3}
}

@inproceedings{dicosmo2017,
	author = {Di Cosmo, Roberto and Stefano Zacchiroli},
	title = {Software Heritage: Why and How to Preserve Software Source Code},
	booktitle = {Proceedings of the 14th International Conference on Digital Preservation,
	iPRES 2017, Kyoto, Japan},
	month = sep,
	year = {2017},
	note = {Available from \url{https://hal.archives-ouvertes.fr/hal-01590958}}
}

@inproceedings{dicosmo2020,
	author = {Roberto Di Cosmo},
	title = {Archiving and Referencing Source Code with Software Heritage},
	booktitle = {{ICMS}},
	series = {Lecture Notes in Computer Science},
	volume = {12097},
	pages = {362--373},
	publisher = {Springer},
	doi = {10.1007/978-3-030-52200-1_36},
	year = {2020}
}


@article{donoho2010,
  title = {An Invitation to Reproducible Computational Research},
  author = {Donoho, D. L.},
  year = {2010},
  month = jul,
  volume = {11},
  pages = {385--388},
  issn = {1465-4644, 1468-4357},
  doi = {10.1093/biostatistics/kxq028},
  journal = {Biostatistics},
  language = {en},
  number = {3}
}

@article{gruning2018,
  title = {Practical {{Computational Reproducibility}} in the {{Life Sciences}}},
  author = {Gr{\"u}ning, Bj{\"o}rn and Chilton, John and K{\"o}ster, Johannes and Dale, Ryan and Soranzo, Nicola and {van den Beek}, Marius and Goecks, Jeremy and Backofen, Rolf and Nekrutenko, Anton and Taylor, James},
  year = {2018},
  month = jun,
  volume = {6},
  pages = {631--635},
  issn = {24054712},
  doi = {10.1016/j.cels.2018.03.014},
  journal = {Cell Systems},
  language = {en},
  number = {6}
}

@article{gruning2018a,
  title = {Bioconda: Sustainable and Comprehensive Software Distribution for the Life Sciences},
  shorttitle = {Bioconda},
  author = {{The Bioconda Team} and Gr{\"u}ning, Bj{\"o}rn and Dale, Ryan and Sj{\"o}din, Andreas and Chapman, Brad A. and Rowe, Jillian and {Tomkins-Tinch}, Christopher H. and Valieris, Renan and K{\"o}ster, Johannes},
  year = {2018},
  month = jul,
  volume = {15},
  pages = {475--476},
  issn = {1548-7091, 1548-7105},
  doi = {10.1038/s41592-018-0046-7},
  journal = {Nature Methods},
  language = {en},
  number = {7}
}

@article{jimenez2017,
  title = {Four Simple Recommendations to Encourage Best Practices in Research Software},
  author = {Jim{\'e}nez, Rafael C. and Kuzak, Mateusz and Alhamdoosh, Monther and Barker, Michelle and Batut, B{\'e}r{\'e}nice and Borg, Mikael and {Capella-Gutierrez}, Salvador and Chue Hong, Neil and Cook, Martin and Corpas, Manuel and Flannery, Madison and Garcia, Leyla and Gelp{\'i}, Josep Ll. and Gladman, Simon and Goble, Carole and Gonz{\'a}lez Ferreiro, Montserrat and {Gonzalez-Beltran}, Alejandra and Griffin, Philippa C. and Gr{\"u}ning, Bj{\"o}rn and Hagberg, Jonas and Holub, Petr and Hooft, Rob and Ison, Jon and Katz, Daniel S. and Lesko{\v s}ek, Brane and L{\'o}pez G{\'o}mez, Federico and Oliveira, Luis J. and Mellor, David and Mosbergen, Rowland and Mulder, Nicola and {Perez-Riverol}, Yasset and Pergl, Robert and Pichler, Horst and Pope, Bernard and Sanz, Ferran and Schneider, Maria V. and Stodden, Victoria and Suchecki, Rados{\l}aw and Svobodov{\'a} Va{\v r}ekov{\'a}, Radka and Talvik, Harry-Anton and Todorov, Ilian and Treloar, Andrew and Tyagi, Sonika and {van Gompel}, Maarten and Vaughan, Daniel and Via, Allegra and Wang, Xiaochuan and {Watson-Haigh}, Nathan S. and Crouch, Steve},
  year = {2017},
  month = jun,
  volume = {6},
  pages = {876},
  issn = {2046-1402},
  doi = {10.12688/f1000research.11407.1},
  journal = {F1000Research},
  language = {en}
}

@article{kim2018,
  title = {Experimenting with Reproducibility: A Case Study of Robustness in Bioinformatics},
  shorttitle = {Experimenting with Reproducibility},
  author = {Kim, Yang-Min and Poline, Jean-Baptiste and Dumas, Guillaume},
  year = {2018},
  month = jul,
  volume = {7},
  issn = {2047-217X},
  doi = {10.1093/gigascience/giy077},
  journal = {GigaScience},
  language = {en},
  number = {7}
}

@article{markowetz2015,
  title = {Five Selfish Reasons to Work Reproducibly},
  author = {Markowetz, Florian},
  year = {2015},
  month = dec,
  volume = {16},
  issn = {1474-760X},
  doi = {10.1186/s13059-015-0850-7},
  journal = {Genome Biology},
  language = {en},
  number = {1}
}

@article{peng2011,
  title = {Reproducible {{Research}} in {{Computational Science}}},
  author = {Peng, R. D.},
  year = {2011},
  month = dec,
  volume = {334},
  pages = {1226--1227},
  issn = {0036-8075, 1095-9203},
  doi = {10.1126/science.1213847},
  journal = {Science},
  language = {en},
  number = {6060}
}

@book{SIRSReport2020,
	author = {Di Cosmo, Roberto and Jose Benito Gonzalez Lopez and Jean-Fran√ßois Abramatic and Kay Graf and Miguel Colom and Paolo Manghi and Melissa Harrison and Yannick Barborini and Ville Tenhunen and Michael Wagner and Wolfgang Dalitz and Jason Maassen and Carlos Martinez-Ortiz and Elisabetta Ronchieri and Sam Yates and Moritz Schubotz and Leonardo Candela and Martin Fenner and Eric Jeangirard},
	place = {LU},
	title = {Scholarly {I}nfrastructures for {R}esearch {S}oftware},
	subtitle = {Report from the EOSC Executive Board Working Group (WG) Architecture Task Force (TF) SIRS.},
	url = {https://data.europa.eu/doi/10.2777/28598},
	doi = {10.2777/28598},
	publisher = {European Commission. Directorate General for Research and Innovation.},
	year = {2020}
}

@article{taschuk2017,
  title = {Ten Simple Rules for Making Research Software More Robust},
  author = {Taschuk, Morgan and Wilson, Greg},
  year = {2017},
  month = apr,
  volume = {13},
  pages = {e1005412},
  issn = {1553-7358},
  doi = {10.1371/journal.pcbi.1005412},
  journal = {PLOS Computational Biology},
  language = {en},
  number = {4}
}

@misc{trendsopenaccesspublications,
	title = {{Trends for open access to publications}},
	author = {{European Commission}},
	url = {https://ec.europa.eu/info/research-and-innovation/strategy/goals-research-and-innovation-policy/open-science/open-science-monitor/trends-open-access-publications_en},
	note = {Website. Available from \url{https://ec.europa.eu/info/research-and-innovation/strategy/goals-research-and-innovation-policy/open-science/open-science-monitor/trends-open-access-publications_en}}
	year = {2018}
}

@article{wilson2014,
  title = {Best {{Practices}} for {{Scientific Computing}}},
  author = {Wilson, Greg and Aruliah, D. A. and Brown, C. Titus and Chue Hong, Neil P. and Davis, Matt and Guy, Richard T. and Haddock, Steven H. D. and Huff, Kathryn D. and Mitchell, Ian M. and Plumbley, Mark D. and Waugh, Ben and White, Ethan P. and Wilson, Paul},
  editor = {Eisen, Jonathan A.},
  year = {2014},
  month = jan,
  volume = {12},
  pages = {e1001745},
  issn = {1545-7885},
  doi = {10.1371/journal.pbio.1001745},
  journal = {PLoS Biology},
  language = {en},
  number = {1}
}


